
<record>
  <controlfield tag="001">2</controlfield>
  <datafield tag="970" ind1=" " ind2=" ">
    <subfield code="a">2012yCat..35a09143M</subfield>
  </datafield>
  <datafield tag="245" ind1=" " ind2=" ">
    <subfield code="a">Bibcode without the volume info inside</subfield>
  </datafield>
  <datafield tag="773" ind1=" " ind2=" ">
    <subfield code="p">Test journal Apj</subfield>
    <subfield code="v">2311</subfield>
    <subfield code="c">0</subfield>
    <subfield code="y">2012</subfield>
    <subfield code="i">a056-2089</subfield>
    <subfield code="z">VizieR On-line Data Catalog: II/311.  Originally</subfield>
  </datafield>
  <datafield tag="024" ind1=" " ind2=" ">
    <subfield code="a">doi:ŽŠČŘĎŤŇ:123456789</subfield>
  </datafield>
</record>