
<record>
  <controlfield tag="001">9106441</controlfield>
  <controlfield tag="005">20120430113552.0</controlfield>
  <datafield tag="980" ind1=" " ind2=" ">
    <subfield code="a">ASTRONOMY</subfield>
    <subfield code="m">database</subfield>
  </datafield>
  <datafield tag="980" ind1=" " ind2=" ">
    <subfield code="a">NONARTICLE</subfield>
  </datafield>
  <datafield tag="980" ind1=" " ind2=" ">
    <subfield code="a">CATALOG</subfield>
  </datafield>
  <datafield tag="970" ind1=" " ind2=" ">
    <subfield code="a">2012yCat..35369089G</subfield>
  </datafield>
  <datafield tag="035" ind1=" " ind2=" ">
    <subfield code="a">2012yCat..35369089G</subfield>
    <subfield code="2">ADS bibcode</subfield>
  </datafield>
  <datafield tag="245" ind1=" " ind2=" ">
    <subfield code="a">g'r'i' and redshift of Abell 2254 galaxies (Girardi+, 2011)</subfield>
  </datafield>
  <datafield tag="100" ind1=" " ind2=" ">
    <subfield code="a">Girardi, M.</subfield>
    <subfield code="b">Girardi, M</subfield>
    <subfield code="e">regular</subfield>
    <subfield code="m">mgirardi@example.edu</subfield>
  </datafield>
  <datafield tag="700" ind1=" " ind2=" ">
    <subfield code="a">Bardelli, S.</subfield>
    <subfield code="b">Bardelli, S</subfield>
    <subfield code="e">regular</subfield>
  </datafield>
  <datafield tag="700" ind1=" " ind2=" ">
    <subfield code="a">Barrena, R.</subfield>
    <subfield code="b">Barrena, R</subfield>
    <subfield code="e">regular</subfield>
  </datafield>
  <datafield tag="700" ind1=" " ind2=" ">
    <subfield code="a">Boschin, W.</subfield>
    <subfield code="b">Boschin, W</subfield>
    <subfield code="e">regular</subfield>
  </datafield>
  <datafield tag="700" ind1=" " ind2=" ">
    <subfield code="a">Gastaldello, F.</subfield>
    <subfield code="b">Gastaldello, F</subfield>
    <subfield code="e">regular</subfield>
  </datafield>
  <datafield tag="700" ind1=" " ind2=" ">
    <subfield code="a">Nonino, M.</subfield>
    <subfield code="b">Nonino, M</subfield>
    <subfield code="e">regular</subfield>
  </datafield>
  <datafield tag="773" ind1=" " ind2=" ">
    <subfield code="p"/>
    <subfield code="v">353</subfield>
    <subfield code="c">69089</subfield>
    <subfield code="y">2012</subfield>
    <subfield code="z">VizieR On-line Data Catalog: J/A+A/536/A89.</subfield>
  </datafield>
  <datafield tag="260" ind1=" " ind2=" ">
    <subfield code="c">2012-02-00</subfield>
    <subfield code="t">date-published</subfield>
  </datafield>
  <datafield tag="653" ind1="1" ind2=" ">
    <subfield code="a">Clusters: galaxy</subfield>
    <subfield code="b"/>
  </datafield>
  <datafield tag="653" ind1="1" ind2=" ">
    <subfield code="a">Galaxies: photometry</subfield>
    <subfield code="b">galaxies photometry</subfield>
  </datafield>
  <datafield tag="520" ind1=" " ind2=" ">
    <subfield code="a">Multi-object spectroscopic observations of A2254 were carried out at the TNG telescope in May and October 2009 and in March 2010.Our photometric observations were carried out with the Wide Field Camera (WFC), mounted at the prime focus of the 2.5m INT telescope. We observed A2254 in g', r', and i' SDSS filters in photometric conditions and a seeing of ~1.6".Subaru Suprime-Cam data were retrieved from the SMOKA archive (http://smoka.nao.ac.jp/SUPsearch).(1 data file).</subfield>
    <subfield code="y">en</subfield>
  </datafield>
  <datafield tag="591" ind1=" " ind2=" ">
    <subfield code="a">2011A&amp;A...536A..89G</subfield>
    <subfield code="c">Source Paper</subfield>
  </datafield>
  <datafield tag="591" ind1=" " ind2=" ">
    <subfield code="a">2012yCat..35369089G</subfield>
    <subfield code="c">Catalog Description</subfield>
  </datafield>
  <datafield tag="856" ind1="4" ind2=" ">
    <subfield code="u">http://adsabs.harvard.edu/cgi-bin/nph-data_query?bibcode=2012yCat..35369089G&amp;link_type=DATA</subfield>
    <subfield code="y">On-line Data</subfield>
  </datafield>
  <datafield tag="907" ind1=" " ind2=" ">
    <subfield code="a">SIMBAD</subfield>
  </datafield>
  <datafield tag="500" ind1=" " ind2=" ">
    <subfield code="a">table1.dat 128x60 Velocity catalog of 128 spectroscopically measured; galaxies in the field of the cluster A2254</subfield>
    <subfield code="9">SIMBAD</subfield>
  </datafield>
  <datafield tag="995" ind1=" " ind2=" ">
    <subfield code="a">{"abs":[{"p":"/proj/ads/abstracts/ast/text/R13/R13-18093.abs","t":"1335278163"}],"links":{"associated":[{"t":"Source Paper","u":"2011A&amp;A...536A..89G"},{"t":"Catalog Description","u":"2012yCat..35369089G"}],"data":[{"u":"http://$VIZIER$/viz-bin/VizieR?-source=J/A+A/536/A89"}]},"prop":["nonarticle"]}</subfield>
    <subfield code="9">AST</subfield>
  </datafield>
</record>