
<record>
  <controlfield tag="001">1427245</controlfield>
  <controlfield tag="005">20120418071710.0</controlfield>
  <datafield tag="980" ind1=" " ind2=" ">
    <subfield code="a">ASTRONOMY</subfield>
    <subfield code="m">database</subfield>
  </datafield>
  <datafield tag="980" ind1=" " ind2=" ">
    <subfield code="a">INPROCEEDINGS</subfield>
  </datafield>
  <datafield tag="970" ind1=" " ind2=" ">
    <subfield code="a">1955stat.conf..163M</subfield>
  </datafield>
  <datafield tag="035" ind1=" " ind2=" ">
    <subfield code="a">1955stat.conf..163M</subfield>
    <subfield code="2">ADS bibcode</subfield>
  </datafield>
  <datafield tag="035" ind1=" " ind2=" ">
    <subfield code="z">1954stat.conf..163M</subfield>
    <subfield code="2">deleted</subfield>
  </datafield>
  <datafield tag="245" ind1=" " ind2=" ">
    <subfield code="a">Some Observational Results on the Spectra of Late-Type Giant Stars</subfield>
  </datafield>
  <datafield tag="100" ind1=" " ind2=" ">
    <subfield code="a">McKellar, Andrew</subfield>
    <subfield code="b">McKellar, A</subfield>
    <subfield code="e">regular</subfield>
  </datafield>
  <datafield tag="773" ind1=" " ind2=" ">
    <subfield code="p">Proceedings of the National Science Foundation conference on Stellar Atmospheres</subfield>
    <subfield code="c">163</subfield>
    <subfield code="y">1955</subfield>
    <subfield code="z">Proceedings of the National Science Foundation conference on Stellar Atmospheres, held at Indiana University, September 30, October 1 and 2, 1954. Edited by Marshal H. Wrubel, 1955., p.163</subfield>
  </datafield>
  <datafield tag="260" ind1=" " ind2=" ">
    <subfield code="c">1955-00-00</subfield>
    <subfield code="t">date-published</subfield>
  </datafield>
  <datafield tag="856" ind1="4" ind2=" ">
    <subfield code="u">http://adsabs.harvard.edu/cgi-bin/nph-data_query?bibcode=1955stat.conf..163M&amp;link_type=TOC</subfield>
    <subfield code="y">Table of Contents</subfield>
  </datafield>
  <datafield tag="907" ind1=" " ind2=" ">
    <subfield code="a">ADS</subfield>
  </datafield>
  <datafield tag="995" ind1=" " ind2=" ">
    <subfield code="a">{"abs":[{"p":"/proj/ads/abstracts/ast/text/J55/J55-14936.abs","t":"1298441803"}],"prop":["toc"]}</subfield>
    <subfield code="9">AST</subfield>
  </datafield>
</record>
</collection>